@article{dantas:2020:comportamento,
  title     = {Comportamento da bolsa de valores no Brasil diante das crises globais de 2008 e 2020},
  author    = {Dantas, Murilo},
  year      = {2020},
  url       ={https://repositorio.pucgoias.edu.br/jspui/handle/123456789/1251},
  publisher = {Pontifícia Universidade Católica de Goiás}
}

@misc{b3:2023:relatorio,
	author={{Brasil, Bolsa, Balcão (B3)}},
	nameaddon={B3},
	shortauthor={B3},
	title={Relatório Anual 2023},
	year={2023},
	urldate={2024-04-23},
	url={https://api.mziq.com/mzfilemanager/v2/d/5fd7b7d8-54a1-472d-8426-eb896ad8a3c4/c322dd29-8e26-b81a-53a6-b5e2d70db984?origin=1},
	publisher={B3, a bolsa do Brasil},
	key={B3}
}

@online{b3:2023:investidores,
	author={{Brasil, Bolsa, Balcão (B3)}},
	shortauthor={B3},
	title={Número de investidores na B3 cresce 34\% em renda fixa e 23\% em renda variável em 12 meses},
	subtitle={Número total de investidores chega a 17,6 milhões. Valor sob custódia bate R\$ 2,2 trilhões},
	year={2023},
	publisher={B3, a bolsa do Brasil},
	note={Estudo Pessoa Física},
	url={https://www.b3.com.br/pt_br/noticias/numero-de-investidores-na-b3-cresce-34-em-renda-fixa-e-23-em-renda-variavel-em-12-meses.htm},
	urldate={2024-01-14}
}

@misc{cvm:2009:informacao,
	author={{Comissão de Valores Mobiliários - (CVM)}},
	nameaddon={CVM},
	shortauthor={CVM},
	title={{O que é a CVM ?}},
	year={2009},
	publisher={CVM},
	url={https://www.gov.br/cvm/pt-br/acesso-a-informacao-cvm/servidores/estagio/2-materia-cvm-e-o-mercado-de-capitais},
	urldate={2024-02-25}
}

@online{teixeira:2019:mercado,
	author={Teixeira, Julio Cesar},
	title={Mercado de Capitais: O que é e como funciona?},
	year={2019},
	publisher={FIA Business School},
	url={https://fia.com.br/blog/mercado-de-capitais/},
	urldate={2024-04-23}
}

@online{reis:2021:negociacao,
	author={Reis, Tiago},
	nameaddon={Suno},
	shortauthor={Suno},
	title={Negociação de ações nas bolsas de valores},
	subtitle={Tudo sobre o Mercado Financeiro: o que é e como ele funciona?},
	year={2021},
	publisher={Grupo Suno},
	url={https://www.suno.com.br/guias/mercado-financeiro/},
	urldate={2024-07-07},
	keywords={investidor, iniciante}
}

@inproceedings{deSouzaFigueiredo:2021:mercado,
  author ={Figueiredo, Celeste Aparecida de Souza and 
           Novaes, Letícia Cavalcanti and
           Tiossi, Fabiano Martin and
           Ternero, Ederson Mela},
	title={O mercado acionário brasileiro},
	subtitle={Possibilidades para investir no setor},
	booktitle={Anais do V Encontro Internacional de Gestão, Desenvolvimento e Inovação (EIGEDIN)},
	note={Estratégia e Negócios},
	year={2021},
	publisher={Universidade Federal do Mato Grosso do Sul (UFMS)},
	url={https://periodicos.ufms.br/index.php/EIGEDIN/article/view/13996},
	urldate={2024-07-07},
	keywords={Mercado acionário; Ações; Investimentos.}
}

@online{santander:2024:pregao,
	author={{Equipe Santander}},
	nameaddon={Santander},
	shortauthor={Santander},
	title={{O que é o mercado de capitais?}},
	year={2024},
	publisher={Santander Brasil},
	note={Atualizado em Fri Feb 16 20:26:43 GMT-03:00 2024},
	url={https://www.santander.com.br/blog/o-que-e-mercado-de-capitais},
	urldate={2024-04-23},
	keywords={investimentos}
}

@book{damodaran:2012:investimentos,
	author={Aswath Damodaran},
	title={Investment Valuation: Tools and Techniques for Determining the Value of Any Asset},
	edition={3rd},
	publisher={Wiley},
	year={2012},
	address={Hoboken, NJ},
	isbn={978-1118011522},
	url={https://books.google.com.br/books?id=E8-30Pga-nkC&printsec=frontcover&hl=pt-BR}
}

@article{abreu:2023:papel,
	author={Abreu, Margarida},
	title={O papel das bolsas de valores no mercado financeiro brasileiro},
	journal={Revista de Economia Financeira},
	volume={25},
	number={2},
	year={2023}
}

@article{gomes:2007:bolsa,
	author={Gomes, Fátima Rocha},
	title={A Bolsa de Valores brasileira como fonte de informações financeiras},
	year={2007},
	url={https://periodicos.ufmg.br/index.php/pci/article/view/23238},
	journal={Perspectivas em Ciência da Informação},
	volume={2},
	number={2}
}

@mastersthesis{attie:2013:bolsa,
	author={Attie, Paula Ingegneri},
	nameaddon={Universidade Estadual de Campinas},
	shortauthor={Attie},
	title={O mercado financeiro e a sustentabilidade: o papel das bolsas de valores},
	year={2013},
	publisher={Universidade Estadual de Campinas},
	address={Campinas},
	type={Dissertação de Mestrado},
	advisor={Ademar Ribeiro Romeiro},
	url={https://doi.org/10.47749/T/UNICAMP.2013.919566},
	urldate={2024-03-14}
}

@misc{gois:2019:efeito,
	author={Alan Diógenes Góis and Sandro Vieira Soares},
	title={O efeito da reputação corporativa segundo a transparência contábil no gerenciamento de resultados de empresas listadas na B3},
	year={2019},
	publisher={Revista de Educação e Pesquisa em Contabilidade (REPeC)},
	volume={13},
	number={2},
	url={https://www.repec.org.br/repec/article/view/2229},
	urldate={2024-02-25},
	doi={10.17524/repec.v13i2.2229}
}

@misc{fgv:2024:transformacao,
	author={{Fundação Getulio Vargas (FGV)}},
	nameaddon={FGV},
	shortauthor={FGV},
	title={{Pesquisa da FGV aponta caminhos para transformação econômica do Brasil por meio da inovação}},
	year={2024},
	publisher={Rede de Pesquisa FGV},
	url={https://rededepesquisa.fgv.br/noticia/pesquisa-da-fgv-aponta-caminhos-para-transformacao-economica-do-brasil-por-meio-da},
	urldate={2024-07-07}
}

@book{figueiredo:2023:capacidade,
	author={Figueiredo, Paulo Negreiros},
	title={Capacidade tecnológica e inovação: desafios para a transição industrial e econômica do Brasil},
	year={2023},
	publisher={Editora FGV},
	url={https://scholar.google.com.br/scholar?hl=pt-BR&as_sdt=0%2C5&authuser=1&q=Capacidade+tecnol%C3%B3gica+e+inova%C3%A7%C3%A3o%3A+desafios+para+a+transi%C3%A7%C3%A3o+industrial+e+econ%C3%B4mica+do+Brasil.&btnG=},
	urldate={2024-02-25}
}

@misc{roberto:2023:papel,
	author={Roberto, Arthur Mendes},
	title={Papel da informação contábil auditada no processo de tomada de decisão: uma pesquisa realizada com futuros gestores},
	year={2023},
	publisher={Instituto de Ciências Sociais Aplicadas, Universidade Federal de Ouro Preto},
	address={Mariana},
	type={Monografia (Graduação em Administração)},
	advisor={{Moura, Fábio Viana de}},
	referee={{Moura, Fábio Viana de} and {Fonseca, Simone Evangelista} and {Ceribeli, Harrison Bachion}},
	url={http://www.monografias.ufop.br/handle/35400000/6082},
	urldate={2024-02-25},
	authorid={17.1.3566}
}

@online{b3:2022:relatoriosAnuais,
	author={{Brasil, Bolsa, Balcão - (B3)}},
	nameaddon={B3},
	shortauthor={B3},
	title={Relatórios Anuais e Demonstrativos Financeiros},
	year={2022},
	publisher={B3, a bolsa do Brasil},
	url={https://api.mziq.com/mzfilemanager/v2/d/5fd7b7d8-54a1-472d-8426-eb896ad8a3c4/ea12ee71-d790-bd3c-979d-4c59211991f2?origin=1},
	urldate={2024-03-14}
}

@misc{cvm:2023:funcoes,
	author={{Comissão de Valores Mobiliários - (CVM)}},
	nameaddon={CVM},
	shortauthor={CVM},
	title={{Funções da CVM}},
	year={2023},
	publisher={CVM},
	url={https://www.gov.br/cvm/pt-br/acesso-a-informacao-cvm/institucional/competencia},
	urldate={2024-05-06}
}

@book{liaw:2011:business,
	title={The business of investment banking: A comprehensive overview},
	author={Liaw, K Thomas},
	year={2011},
	publisher={John Wiley \& Sons},
	url={https://books.google.com.br/books?hl=pt-BR&lr=&id=4w3oVc4ZCMsC&oi=fnd&pg=PA1&dq=%22investment%22+AND+%22analysis%22+AND+%22comprehensive%22+AND+%22overview%22&ots=pNfZnh8Ige&sig=HbbiBmApVV9IgjGlpPIGcMfP0Lw},
	urldate={2024-03-14}
}

@article{mathew:2024:overview,
	title={An Overview on Capital Investment},
	author={Mathew, Sibi},
	year={2024},
	publisher={Preprints},
	url={https://www.preprints.org/manuscript/202404.0987},
	urldate={2024-03-14}
}

@article{omane:2019:time,
	title={Time-frequency analysis of behaviourally classified financial asset markets},
	author={Omane-Adjepong, Maurice and Ababio, Kofi Agyarko and Alagidede, Imhotep Paul},
	journal={Research in International Business and Finance},
	volume={50},
	pages={54--69},
	year={2019},
	publisher={Elsevier},
	url={https://doi.org/10.1016/j.ribaf.2019.04.012},
	urldate={2024-03-14}
}

@article{kearney:2014:textual,
	title={Textual sentiment in finance: A survey of methods and models},
	author={Kearney, Colm and Liu, Sha},
	journal={International Review of Financial Analysis},
	volume={33},
	pages={171--185},
	year={2014},
	publisher={Elsevier},
	url={https://www.sciencedirect.com/science/article/pii/S1057521914000295},
	urldate={2024-03-14}
}

@article{helong:2023:review,
	title={Review of Textual Sentiment Research in Financial Markets},
	author={Helong, Li and Changsong, Ren and Xinru, Liu and Cunhua, Wang},
	journal={Data Analysis and Knowledge Discovery},
	volume={7},
	number={12},
	pages={22--39},
	year={2023},
	url={https://manu44.magtech.com.cn/Jwk_infotech_wk3/EN/abstract/abstract5603.shtml},
	urldate={2024-03-14}
}

@article{sahu:2023:overview,
	title={An overview of machine learning, deep learning, and reinforcement learning-based techniques in quantitative finance: recent progress and challenges},
	author={Sahu, Santosh Kumar and Mokhade, Anil and Bokde, Neeraj Dhanraj},
	journal={Applied Sciences},
	volume={13},
	number={3},
	pages={1956},
	year={2023},
	publisher={MDPI},
	url={https://www.mdpi.com/2076-3417/13/3/1956},
	urldate={2024-03-10}
}

@article{claessens:2017:macroeconomic,
	title={Macroeconomic implications of financial imperfections: a survey},
	author={Claessens, Stijn and Kose, M Ayhan},
	year={2017},
	publisher={BIS Working Paper},
	url={https://papers.ssrn.com/sol3/papers.cfm?abstract_id=3076410},
	urldate={2024-03-10}
}

@article{kim:2020:integrated,
	title={An integrated view of data: application of knowledge modeling to data management},
	author={Kim, Sung-kwan and Wang, Wenjun},
	journal={Journal of International Technology and Information Management},
	volume={29},
	number={2},
	pages={72--99},
	year={2020},
	url={https://scholarworks.lib.csusb.edu/jitim/vol29/iss2/4/},
	urldate={2024-03-10}
}

@article{taylor:2003:systematic,
	title={A systematic approach to modeling, capturing, and disseminating proteomics experimental data},
	author={Taylor, Chris F and Paton, Norman W and Garwood, Kevin L and Kirby, Paul D and Stead, David A and Yin, Zhikang and Deutsch, Eric W and Selway, Laura and Walker, Janet and Riba-Garcia, Isabel and others},
	journal={Nature biotechnology},
	volume={21},
	number={3},
	pages={247--254},
	year={2003},
	publisher={Nature Publishing Group US New York},
	url={https://www.nature.com/articles/nbt0303-247},
	urldate={2024-03-10}
}

@article{singh:2022:recent,
	title={Recent trends in computational tools and data-driven modeling for advanced materials},
	author={Singh, Varshika and Patra, Santanu and Murugan, Natarajan Arul and Toncu, Dana-Cristina and Tiwari, Ashutosh},
	journal={Materials Advances},
	volume={3},
	number={10},
	pages={4069--4087},
	year={2022},
	publisher={Royal Society of Chemistry},
	url={https://pubs.rsc.org/en/content/articlehtml/2022/ma/d2ma00067a},
	urldate={2024-03-10}
}

@article{hentzen:2022:artificial,
	title={Artificial intelligence in customer-facing financial services: a systematic literature review and agenda for future research},
	author={Hentzen, Janin Karoli and Hoffmann, Arvid and Dolan, Rebecca and Pala, Erol},
	journal={International Journal of Bank Marketing},
	volume={40},
	number={6},
	pages={1299--1336},
	year={2022},
	publisher={Emerald Publishing Limited},
	url={https://www.emerald.com/insight/content/doi/10.1108/IJBM-09-2021-0417/full/html},
	urldate={2024-03-10}
}

@article{castanedo:2013:review,
	title={A review of data fusion techniques},
	author={Castanedo, Federico},
	journal={The scientific world journal},
	volume={2013},
	number={1},
	pages={704504},
	year={2013},
	publisher={Wiley Online Library},
	url={https://doi.org/10.1155/2013/704504},
	urldate={2024-03-10}
}

@inproceedings{dayal:2009:data,
	title={Data integration flows for business intelligence},
	author={Dayal, Umeshwar and Castellanos, Malu and Simitsis, Alkis and Wilkinson, Kevin},
	booktitle={Proceedings of the 12th International Conference on Extending Database Technology: Advances in Database Technology},
	pages={1--11},
	year={2009},
	url={https://dl.acm.org/doi/abs/10.1145/1516360.1516362}
}

@book{sharda:2018:business,
	title={Business intelligence, analytics, and data science: a managerial perspective},
	author={Sharda, Ramesh and Delen, Dursun and Turban, Efraim},
	year={2018},
	publisher={pearson},
	url={https://thuvienso.hoasen.edu.vn/handle/123456789/11621},
	urldate={2024-03-10}
}

@article{domingues:2020:modelagem,
	title={MODELAGEM DE COINTEGRAçãO EM ATIVOS FINANCEIROS},
	author={DOMINGUES, OSMAR and ALMEIDA, GUILHERME LAMOUNIER MASCHIETTO},
	url={https://aprepro.org.br/conbrepro/2020/anais/arquivos/09222020_120944_5f6a119ce2bee.pdf},
	urldate={2024-03-10},
	year={2020}
}

@book{perlin:2021:analise,
	title={Análise de Dados Financeiros e Econômicos com o R--versão online},
	author={Perlin, Marcelo S},
	year={2021},
	publisher={Porto Alegre},
	url={https://msperlin.com/adfer/adfeR_pt_ed03-ONLINE.pdf},
	urldate={2024-03-10}
}

@book{prikladnicki:2014:desenvolvimentosoftware,
	title={Métodos ágeis para desenvolvimento de software},
	author={Prikladnicki, Rafael and Willi, Renato and Milani, Fabiano},
	year={2014},
	publisher={Bookman Editora},
	url={https://books.google.com.br/books?hl=pt-BR&lr=&id=8rQABAAAQBAJ&oi=fnd&pg=PR1&dq=%22desenvolvimento%22+AND+%22software%22+AND+%22princ%C3%ADpios%22+AND+%22pr%C3%A1ticas%22&ots=I1qd0qaZI9&sig=xzzbEM0afaCGkpKYFULQah8YeUc},
	urldate={2024-03-13}
}

@article{nhimi:2016:desenvolvimentosoftware,
	title={Princípios e Práticas em Arquitetura de Software},
	author={NHIMI, F},
	journal={Instituto de Gestão em Tecnologia da Informação},
	year={2016},
	url={https://www.machado.mg.gov.br/files/concursos/1cf11cf161fe4eb688dfeec880d6b4d9.pdf},
	urldate={2024-03-13}
}

@article{mian:2013:database,
	title={Database reverse engineering methods: what is missing?},
	author={Mian, Natash Ali and Khan, Sher Afzal and Zafar, Nazir Ahmad},
	journal={Research Journal of Recent Sciences},
	volume={2277},
	pages={2502},
	year={2013},
	url={https://www.isca.me/rjrs/archive/v2/i5/10.ISCA-RJRS-2012-454.pdf},
	urldate={2024-03-13}
}

@article{pinto:2023:revisao,
	title={Revisão de literatura: abordagem de detecção de anomalias em sistemas financeiros},
	author={Pinto, Sarah Oliveira},
	year={2023},
	url={https://bdm.unb.br/handle/10483/35738},
	urldate={2024-03-13}
}

@article{shimabukuro:2020:deep,
	title={Deep Learning Aplicado à Negociação de Ações por Algorítmos: Uma revisão descritiva da literatura},
	author={Shimabukuro, Camilo Ilzo and Galegale, Napoleão Verardi and Okano, Marcelo Tsuguio and Langhi, Celi},
	journal={South American Development Society Journal},
	volume={6},
	number={17},
	pages={237},
	year={2020},
	url={http://sadsj.org/index.php/revista/article/view/333},
	urldate={2024-03-13}
}

@article{lindman:2020:integration,
	author={sebastian lindman and tom tuvhag and ranadeva jayasekera and gazi salah uddin and victor troster},
	title={{market impact on financial market integration: cross-quantilogram analysis of the global impact of the euro}},
	journal={journal of empirical finance},
	volume={56},
	pages={42--73},
	year={2020},
	publisher={elsevier},
	url={https://www.sciencedirect.com/science/article/abs/pii/S0927539819300866},
	urldate={2024-02-25},
	doi={https://doi.org/10.1016/j.jempfin.2019.10.005}
}

@misc{anderson:2010:kanban,
	title={Successful Evolutionary Change for Your Technology Business},
	author={Kanban, Anderson J David},
	year={2010},
	publisher={Blue Hole Press.},
	url={https://personalpages.bradley.edu/~young/CS690S117old/Kanban.pdf}
}

@book{wazlawick:2009:metodo,
	author={Wazlawick, Raul Sidnei},
	title={Metodologia de Pesquisa para Ciência da Computação},
	year={2009},
	publisher={Elsevier},
	address={Rio de Janeiro},
	urldate={2024-02-25}
}

@misc{ifmg:2021:regulamentotcc,
	author={{IFMG Campus Bambuí}},
	title={Regulamento Geral TCC do IFMG Campus Bambuí},
	year={2021},
	url={https://www.bambui.ifmg.edu.br/portal/images/PDF/2021/Regulamentos_2021/SEI_IFMG_-_0923843_-_Resolu%C3%A7%C3%A3o.pdf}
}

@book{cervo:1983:metodologia,
	author={Amado Luiz Cervo and Pedro Alcino Bervian},
	title={Metodologia científica},
	publisher={McGraw-Hill},
	year={1983},
	address={São Paulo},
	urldate={2024-02-25}
}

@book{gerhardt:2009:metodos,
	author={Tatiana Engel Gerhardt and Denise Silveira},
	title={Métodos de pesquisa},
	publisher={Editora da UFRGS},
	year={2009},
	address={Porto Alegre},
	note={Coordenado pela Universidade Aberta do Brasil – UAB/UFRGS e pelo Curso de Graduação Tecnológica – Planejamento e Gestão para o Desenvolvimento Rural da SEAD/UFRGS},
	url={http://www.ufrgs.br/cursopgdr/downloadsSerie/derad005.pdf},
	urldate={2024-02-20}
}

@book{schwaber:2004:agile,
	title={Agile Project Management with Scrum},
	author={ken schwaber},
	year={2004},
	publisher={Microsoft Press},
	url={https://books.google.com.br/books?hl=pt-BR&lr=&id=6pZCAwAAQBAJ&oi=fnd&pg=PT7&dq=Agile+Project+Management+with+Scrum&ots=kdqNUVaujV&sig=3sxF6tAAVnrNJgtQ1wGo-cJQ-kM},
	urldate={2024-02-20}
}

@book{sutherland:2014:scrum,
	title={Scrum: the art of doing twice the work in half the time},
	author={Sutherland, Jeff and Sutherland, JJ},
	year={2014},
	publisher={Crown Currency},
	url={http://elib.vku.udn.vn/bitstream/123456789/3370/1/2014.%20Scrum-The%20Art%20of%20Doing%20Twice%20the%20work%20in%20Half%20the%20time.pdf},
	urldate={2024-02-20}
}

@book{hammarberg:2014:kanban,
	title={Kanban in action},
	author={Hammarberg, Marcus and Sunden, Joakim},
	year={2014},
	publisher={Manning Publications Co.},
	url={https://thuvienso.hoasen.edu.vn/handle/123456789/9448},
	urldate={2024-02-20}
}

@article{cvm:2023:relatorioanual,
	author={{Comissão de Valores Mobiliários - (CVM)}},
	nameaddon={CVM},
	shortauthor={CVM},
	title={Relatório Anual da CVM},
	year={2023},
	url={https://www.gov.br/cvm/pt-br/centrais-de-conteudo/publicacoes/relatorios/anual},
	urldate={2024-02-25}
}

@online{b3:2023:estruturadados,
	author={{Brasil, Bolsa, Balcão - (B3)}},
	nameaddon={B3},
	shortauthor={B3},
	title={Dados de mercado},
	year={2023},
	urldate={2024-04-23},
	url={https://www.b3.com.br/pt_br/market-data-e-indices/servicos-de-dados/market-data/consultas/mercado-a-vista/dados-de-mercado/},
	publisher={B3, a bolsa do Brasil},
	key={B3}
}

@article{intel:2023:processor,
	title={Intel Core i7-7500U Processor},
	author={{intel corporation}},
	year={2023},
	url={https://www.intel.com/content/www/us/en/products/sku/97456/intel-core-i77500u-processor-4-00-ghz/specifications.html},
	urldate={2024-02-25}
}

@article{microsoft:2023:windows,
	title={Windows 11 Pro},
	author={{microsoft corporation}},
	year={2023},
	url={https://www.microsoft.com/en-us/windows/windows-11-pro},
	urldate={2024-02-25}
}

@online{python_popularity:2016:python,
	title={Python for Data Science Handbook},
	author={jake vanderplas},
	year={2016},
	url={https://jakevdp.github.io/PythonDataScienceHandbook/},
	urldate={2024-02-25}
}

@online{pandas_docs:2024:biblioteca,
	title={pandas Documentation},
	author={{NumFOCUS, Inc}},
	year={2024},
	url={https://pandas.pydata.org/docs/},
	urldate={2024-02-25}
}

@online{numpy_docs:2022:biblioteca,
	title={NumPy Documentation},
	author={{NumPy team}},
	year={2022},
	url={https://numpy.org/doc/},
	urldate={2024-02-25}
}

@online{requests_docs:2019:biblioteca,
	title={Requests Documentation},
	author={{Kenneth Reitz}},
	year={2019},
	url={https://requests.readthedocs.io/en/latest/},
	urldate={2024-02-25}
}

@online{beautifulsoup_docs:2023:biblioteca,
	title={Beautiful Soup Documentation},
	author={Leonard Richardson},
	year={2023},
	url={https://www.crummy.com/software/BeautifulSoup/bs4/doc/},
	urldate={2024-02-25}
}

@online{sqlalchemy_docs:2024:biblioteca,
	title={SQLAlchemy Documentation},
	author={{SQLAlchemy}},
	year={2024},
	url={https://docs.sqlalchemy.org}
}

@online{mysql_docs:2022:mysql,
	title={MySQL Documentation},
	author={{Oracle Corporation}},
	year={2022},
	url={https://dev.mysql.com/doc/},
	urldate={2024-02-28}
}

@online{mysql_workbench_docs:2022:mysql,
	title={MySQL Workbench Documentation},
	author={{Oracle Corporation}},
	year={2022},
	url={https://dev.mysql.com/doc/workbench/en/},
	urldate={2024-02-28}
}

@article{financial_data_integration:2015:bancodados,
	author={amir gandomi and murtaza haider},
	title={Beyond the hype: Big data concepts, methods, and analytics},
	journal={International Journal of Information Management},
	volume={35},
	number={2},
	pages={137-144},
	year={2015},
	url={10.1016/j.ijinfomgt.2014.10.007},
	urldate={2024-02-28}
}

@inproceedings{uhr:2014:sentimentAnalysis,
	author={Uhr, Patrick and Zenkert, Johannes and Fathi, Madjid},
	booktitle={2014 IEEE International Conference on Systems, Man, and Cybernetics (SMC)},
	title={Sentiment analysis in financial markets: A framework to utilize the human ability of word association for analyzing stock market news reports},
	year={2014},
	pages={912--917},
	keywords={Sentiment analysis; Portfolios; Companies; Text mining; Algorithm design and analysis; Software; Databases; Sentiment Analysis; Word Association; Text Mining},
	doi={https://doi.org/10.1109/SMC.2014.6974028},
	urldate={2024-02-28}
}

@manual{ifmg:2020:manual,
	author={{Instituto Federal de Educação, Ciência e Tecnologia de Minas Gerais (IFMG)}},
	shortauthor={IFMG},
	title={Manual de normalização de trabalhos acadêmicos},
	address={Belo Horizonte},
	year={2020}
}

@online{wikipedia:2011:america_sul,
	author={Wikipédia},
	title={América do Sul},
	url={https://pt.wikipedia.org/wiki/Am%C3%A9rica_do_Sul},
	urldate={2020-03-29},
	year={2011}
}

@legislation{ifmg:2021:tcc,
	author={{Instituto Federal de Educação, Ciência e Tecnologia de Minas Gerais (IFMG)}},
	shortauthor={IFMG},
	title={Resolução n. 7, de 17 de agosto de 2021},
	titleaddon={Dispõe sobre o regulamento geral de TCC dos cursos de Graduação do IFMG -- \textit{Campus} Bambuí},
	location={Bambuí},
	year={2021},
	url={https://www.bambui.ifmg.edu.br/portal/images/PDF/2021/Regulamentos_2021/SEI_IFMG_-_0923843_-_Resolu%C3%A7%C3%A3o.pdf},
	urldate={2024-03-22}
}

@online{ribeiro:2024:iftex,
	author={Marcos Roberto Ribeiro},
	title={\iftex},
	subtitle={Classe LaTeX para Trabalhos Acadêmicos do IFMG modelo 2024},
	url={https://github.com/ribeiromarcos/iftex2024},
	year={2024}
}

@online{ribeiro:2024:latex,
	author={Marcos Roberto Ribeiro},
	title={Escrevendo TCC com \LaTeX},
	url={https://sites.ifmg.edu.br/ribeiro/files},
	year={2024}
}

@article{kothari:2001:capital,
	title={Capital markets research in accounting},
	author={Kothari, Sri Prakash},
	journal={Journal of accounting and economics},
	volume={31},
	number={1-3},
	pages={105--231},
	year={2001},
	publisher={Elsevier}
}

@article{francisco:2018:analise,
	title={3. Análise fundamentalista e suas influências nas operações realizadas por investidores não profissionais: uma aplicação prática},
	author={Francisco, Rodrigo and Fontana, Lucas Pais},
	journal={Revista Científica UMC},
	volume={3},
	number={2},
	year={2018}
}

@article{fonseca:2009:analise,
	title={Análise fundamentalista como fonte de estudo de mercado financeiro e ações},
	author={Fonseca, Diego Monteiro},
	year={2009},
	publisher={Universidade Federal do Rio de Janeiro}
}

@article{brito:2022:noccoes,
	title={Noções da análise fundamentalista},
	author={Brito, Victor Rabelo and de Oliveira, Wilson},
	journal={Revista Processus de Estudos de Gestão, Jurídicos e Financeiros},
	volume={13},
	number={44},
	pages={44--57},
	year={2022}
}

@article{rosselli:2023:analise,
	title={Análise fundamentalista com estudo de caso},
	author={Rosselli, Matheus de Brito},
	year={2023},
	publisher={Universidade Estadual Paulista (Unesp)}
}

@article{dearaujoGoncalves:2021:modelo,
  title={Modelo de dados flexível para análise fundamentalista moderna: um estudo geral com dados no Brasil},
	author={de Araujo Gonçalves, Guilherme and Togneri, Rodrigo Marotti},
	journal={FGV RIC Revista de Iniciação Científica},
	volume={2},
	year={2021}
}

@article{santos:2017:analise,
	title={Análise do desempenho econômico-financeiro de companhias abertas listadas na BM\&FBOVESPA pelo método estrutural-diferencial},
	author={Santos, Tarço da Costa dos},
	year={2017},
	publisher={Universidade do Vale do Rio dos Sinos}
}





%-----------------------------

@article{deAraujo:2021:modeloDados,
	title={Modelo de dados flexível para análise fundamentalista moderna: um estudo geral com dados no Brasil},
	author={de Araujo Gonçalves, Guilherme and Togneri, Rodrigo Marotti},
	journal={FGV RIC Revista de Iniciação Científica},
	volume={2},
	year={2021},
	url={https://periodicos.fgv.br/ric/article/view/86064/81092},
	urldate={2025-02-02}
}

@misc{brasil:1976:lei6385,
	author = {Brasil},
	title = {Lei n° 6.385, de 7 de dezembro de 1976},
	year = {1976},
	urldate={2025-02-02},
	url = {https://www.planalto.gov.br/ccivil_03/leis/l6385.htm},
	note = {Dispõe sobre o mercado de valores mobiliários e cria a Comissão de Valores Mobiliários},
	howpublished = {Diário Oficial da União: seção 1, Brasília, DF, 9 dez. 1976}
}



%estado da arte
@article{montoia:2021:automatizaccao,
	title={Automatização da análise fundamentalista do mercado de ações brasileiro},
	author={Montoia, Guilherme Rocha},
	year={2021},
	publisher={Universidade Federal de Uberlândia}
}

@article{deAraujo:2021:modelo,
	title={Modelo de dados flexível para análise fundamentalista moderna: um estudo geral com dados no Brasil},
	author={de Araujo Gonçalves, Guilherme and Togneri, Rodrigo Marotti},
	journal={FGV RIC Revista de Iniciação Científica},
	volume={2},
	year={2021}
}

@article{delalibera:2023:automatizaccao,
	title={Automatização do Modelo Rojo de Análise Fundamentalista},
	author={Delalibera, Wesley and others},
	year={2023},
	publisher={Universidade Estadual do Oeste do Paraná}
}

@article{reis:2020:analise,
	title={Análise fundamentalista aplicada as ações negociadas na bolsa de valores brasileira},
	author={Reis, Lucas Vinicius Borges and others},
	year={2020},
	publisher={Universidade Federal de Uberlândia}
}

@article{vieira:2019:montagem,
	title={Montagem de carteiras de ações listadas na B3 e comparação com índices de investimentos brasileiros sob a ótica de análise fundamentalista},
	author={Vieira, Rennan Kelson de Medeiros},
	year={2019},
	publisher={Universidade Federal da Paraíba}
}

@article{freitas:2020:analise,
	title={Uma análise fundamentalista do setor bancário: um estudo de caso com uma seleção de indicadores},
	author={Freitas, Lucas Catunda de},
	year={2020}
}


@misc{paiva:2025:projetoGitHub,
	author = {João Pedro Resende de Paiva},
	title = {DadosCVM - Coleta e processamento de dados da CVM},
	year = {2025},
	howpublished = {GitHub},
	url = {https://github.com/joaopedrordepaiva/DadosCVM}
}

@misc{minas:2025:projetoGitHub,
	author = {Thaís Minas},
	title = {Balanco\_Empresas\_Dados\_CVM - Análise de balanços a partir dos dados da CVM},
	year = {2025},
	howpublished = {GitHub},
	url = {https://github.com/thaisminas/Balanco_Empresas_Dados_CVM}
}

@misc{fontinele:2025:projetoGitHub,
	author = {Alfredo Fontinele},
	title = {Análise de Dados - Balanços de Empresas CVM Dados Públicos},
	year = {2025},
	howpublished = {GitHub},
	url = {https://github.com/Alfredo-Fontinele/Analise_Dados_CVM}
}

@misc{louredo:2025:projetoGitHub,
	author = {Graciliano Louredo},
	title = {Códigos para ETL, análise estatística e visualização de dados da CVM},
	year = {2025},
	howpublished = {GitHub},
	url = {https://github.com/GrlouX/AnaDadosFRECIAberta}
}

%-----------------------------------------------------
@book{kimball:2013:datawarehouse,
	title={The Data Warehouse Toolkit: The Definitive Guide to Dimensional Modeling},
	author={Kimball, Ralph and Ross, Margy},
	year={2013},
	publisher={Wiley}
}

@article{batini:2009:dataquality,
	title={Methodologies for data quality assessment and improvement},
	author={Batini, Carlo and Scannapieco, Monica},
	journal={Communications of the ACM},
	volume={52},
	number={3},
	pages={101--108},
	year={2009}
}

@article{gardner:1998:building,
	title={Building the data warehouse},
	author={Gardner, Stephen R},
	journal={Communications of the ACM},
	volume={41},
	number={9},
	pages={52--60},
	year={1998},
	publisher={ACM New York, NY, USA}
}

@inproceedings{costa:2024:integraccao,
	title={Integração de dados na construção: Desafios e soluções},
	author={Costa, Tiago and Ferreirinha, Pedro and Resende, Ricardo},
	booktitle={5{\textordmasculine} Congresso Português de Building Information Modelling Volume 1: ptBIM},
	pages={349--360},
	year={2024},
	organization={UMinho Editora}
}

@article{halevy:2006:data,
	title={The Unreasonable Effectiveness of Data},
	author={Halevy, Peter and Norvig, Peter and Pereira, Fernando},
	journal={IEEE Intelligent Systems},
	volume={21},
	number={2},
	pages={8--12},
	year={2006}
}

%--------
@article{elmasri:2005:sistemas,
	title={Sistemas de banco de dados},
	author={Elmasri, Ramez and Navathe, Shamkant B and Pinheiro, Marília Guimarães and others},
	year={2005},
	publisher={Pearson Addison Wesley São Paulo}
}

@book{connolly:2015:database,
	title={Database systems: a practical approach to design, implementation, and management},
	author={Connolly, Thomas and Begg, Carolyn},
	year={2015},
	publisher={Pearson}
}

@misc{elmasri:2016:fundamentals,
	title={Fundamentals of database systems seventh edition},
	author={Elmasri, Ramez and Navathe, Shamkant B},
	year={2016},
	publisher={pearson}
}

@book{scannapieco:2006:data,
	title={Data quality: concepts, methodologies and techniques. Data-centric systems and applications},
	author={Scannapieco, Monica},
	year={2006},
	publisher={Springer}
}

%----------
@misc{cvm:2022:resolucao80,
	author       = {Comissão de Valores Mobiliários (CVM)},
	nameaddon={CVM},
	shortauthor={CVM},
	title        = {Resolução CVM nº 80, de 29 de março de 2022},
	howpublished = {\textit{Diário Oficial da União: seção 1}, Brasília, DF, n. 62, p. 38--42},
	year         = {2022},
	note         = {Dispõe sobre o registro e a prestação de informações periódicas e eventuais dos emissores de valores mobiliários admitidos à negociação em mercados regulamentados de valores mobiliários.},
	url          = {https://conteudo.cvm.gov.br/export/sites/cvm/legislacao/resolucoes/anexos/001/resol080consolid.pdf},
	urldate      = {2025-06-14}
}


@misc{cvm:2021:resolucao44,
	author       = {Comissão de Valores Mobiliários (CVM)},
	nameaddon    = {CVM},
	shortauthor  = {CVM},
	title        = {Resolução CVM nº 44, de 23 de agosto de 2021},
	howpublished = {\textit{Diário Oficial da União: seção 1}, Brasília, DF, n. 161, p. 21--24},
	year         = {2021},
	note         = {Dispõe sobre a divulgação de informações sobre ato ou fato relevante, a negociação de valores mobiliários na pendência de ato ou fato relevante não divulgado e a divulgação de informações sobre a negociação de valores mobiliários, e revoga as Instruções CVM nº 358/2002, nº 369/2002 e nº 449/2007.},
	url          = {https://conteudo.cvm.gov.br/export/sites/cvm/legislacao/resolucoes/anexos/001/resol044consolid.pdf},
	urldate      = {2025-06-14}
}

